<record><leader>00000cas a2200000 a 4500</leader><controlfield tag="001">8783887</controlfield><controlfield tag="008">820917d18861972kyuwr ne      0   a0eng  </controlfield><datafield ind1=" " ind2=" " tag="010"><subfield code="a">sn 82014528 </subfield></datafield><datafield ind1=" " ind2=" " tag="040"><subfield code="a">DLC</subfield><subfield code="b">eng</subfield><subfield code="c">DLC</subfield><subfield code="d">NPX</subfield><subfield code="d">KNP</subfield><subfield code="d">DLC</subfield><subfield code="d">KNP</subfield><subfield code="d">OCL</subfield><subfield code="d">OCLCQ</subfield><subfield code="d">KYUBL</subfield><subfield code="d">OCLCO</subfield><subfield code="d">OCLCQ</subfield><subfield code="d">OCLCF</subfield></datafield><datafield ind1="1" ind2=" " tag="029"><subfield code="a">AU@</subfield><subfield code="b">000020274240</subfield></datafield><datafield ind1=" " ind2=" " tag="042"><subfield code="a">msc</subfield></datafield><datafield ind1=" " ind2=" " tag="043"><subfield code="a">n-us-ky</subfield></datafield><datafield ind1="0" ind2="0" tag="050"><subfield code="a">Newspaper 7002</subfield></datafield><datafield ind1="0" ind2=" " tag="130"><subfield code="a">Shelby news (Shelbyville, Ky. : 1886)</subfield></datafield><datafield ind1="1" ind2="4" tag="245"><subfield code="a">The Shelby news.</subfield></datafield><datafield ind1="3" ind2="0" tag="246"><subfield code="a">Shelby weekly news</subfield></datafield><datafield ind1="1" ind2="3" tag="246"><subfield code="a">Semi-weekly Shelby news</subfield></datafield><datafield ind1=" " ind2=" " tag="260"><subfield code="a">Shelbyville, Ky. :</subfield><subfield code="b">J.P. Cozine and A.F. Case,</subfield><subfield code="c">-1972.</subfield></datafield><datafield ind1=" " ind2=" " tag="300"><subfield code="a">v. :</subfield><subfield code="b">ill. ;</subfield><subfield code="c">60 cm.</subfield></datafield><datafield ind1=" " ind2=" " tag="310"><subfield code="a">Weekly,</subfield><subfield code="b">Jan. 11, 1893-Feb. 3, 1972</subfield></datafield><datafield ind1=" " ind2=" " tag="321"><subfield code="a">Weekly</subfield></datafield><datafield ind1=" " ind2=" " tag="321"><subfield code="a">Semiweekly,</subfield><subfield code="b">-Jan. 4, 1893</subfield></datafield><datafield ind1="1" ind2=" " tag="362"><subfield code="a">Began with Nov. 10, 1886 issue.</subfield></datafield><datafield ind1="0" ind2=" " tag="362"><subfield code="a">-Feb. 3, 1972.</subfield></datafield><datafield ind1=" " ind2=" " tag="500"><subfield code="a">For a short period published as: Semi-weekly Shelby news.</subfield></datafield><datafield ind1=" " ind2=" " tag="500"><subfield code="a">"Independent Democratic."</subfield></datafield><datafield ind1=" " ind2=" " tag="515"><subfield code="a">Volume numbering dropped with 19??</subfield></datafield><datafield ind1=" " ind2=" " tag="588"><subfield code="a">Description based on: Vol. 1, no. 38 (July 20, 1887).</subfield></datafield><datafield ind1=" " ind2="0" tag="651"><subfield code="a">Shelbyville (Ky.)</subfield><subfield code="v">Newspapers.</subfield></datafield><datafield ind1=" " ind2="0" tag="651"><subfield code="a">Shelby County (Ky.)</subfield><subfield code="v">Newspapers.</subfield></datafield><datafield ind1=" " ind2="7" tag="655"><subfield code="a">Newspapers.</subfield><subfield code="2">fast</subfield><subfield code="0">(OCoLC)fst01423814</subfield></datafield><datafield ind1=" " ind2="7" tag="651"><subfield code="a">Kentucky</subfield><subfield code="z">Shelby County.</subfield><subfield code="2">fast</subfield><subfield code="0">(OCoLC)fst01207481</subfield></datafield><datafield ind1=" " ind2="7" tag="651"><subfield code="a">Kentucky</subfield><subfield code="z">Shelbyville.</subfield><subfield code="2">fast</subfield><subfield code="0">(OCoLC)fst01219885</subfield></datafield><datafield ind1=" " ind2=" " tag="752"><subfield code="a">United States</subfield><subfield code="b">Kentucky</subfield><subfield code="c">Shelby</subfield><subfield code="d">Shelbyville.</subfield></datafield><datafield ind1="0" ind2="7" tag="785"><subfield code="t">Shelby sentinel (Shelbyville, Ky.)</subfield><subfield code="w">(DLC)sn 84027487</subfield></datafield><datafield ind1="0" ind2="7" tag="785"><subfield code="t">Sentinel-news</subfield><subfield code="w">(DLC)sn 86069087</subfield></datafield></record>